<?xml version="1.0" encoding="UTF-8"?><record xmlns="http://www.loc.gov/MARC21/slim" xmlns:cinclude="http://apache.org/cocoon/include/1.0" xmlns:zs="http://www.loc.gov/zing/srw/">
  <leader>00365nz  a2200133n  4500</leader>
  <controlfield tag="001">no2001101886</controlfield>
  <controlfield tag="003">DLC</controlfield>
  <controlfield tag="005">20011222071033.0</controlfield>
  <controlfield tag="008">011221n| acannaabn          |n aaa     c</controlfield>
  <datafield tag="010" ind1=" " ind2=" ">
    <subfield code="a">no2001101886</subfield>
  </datafield>
  <datafield tag="035" ind1=" " ind2=" ">
    <subfield code="a">(OCoLC)oca05654188</subfield>
  </datafield>
  <datafield tag="040" ind1=" " ind2=" ">
    <subfield code="a">DJBF</subfield>
    <subfield code="b">eng</subfield>
    <subfield code="c">DJBF</subfield>
  </datafield>
  <datafield tag="100" ind1="1" ind2="0">
    <subfield code="a">Khawaja, Sarmad</subfield>
  </datafield>
  <datafield tag="670" ind1=" " ind2=" ">
    <subfield code="a">Measuring statistical capacity building, c2001:</subfield>
    <subfield code="b">cover (Sarmad Khawaja)</subfield>
  </datafield>
</record>